$Id: cppl-ex.bib,v 1.1 2002-06-05 13:15:55 m Exp $

@book(stroustrup,
	author = "Bjarne Stroustrup",
	title = "The C++ Programming Language",
	publisher = "Addison Wesley",
	year = 1997,
	edition = "Special"
)

@book(fordtopp,
	author = "William H. Ford and William R. Topp",
	title = "Introduction to Computing using C++ and Object Technology",
	publisher = "Prentice Hall",
	year = 1999
)

@book(deitel,
	author = "H. M. Deitel and P. J. Deitel",
	title = "C++ How to program",
	publisher = "Prentice Hall",
	year = 2001,
	edition = "Third"
)

@book(k&r,
	author = "Brian W. Kernighan and Dennis M. Ritchie",
	title = "The C Programming Language",
	publisher = "Prentice Hall",
	year = 2001,
	edition = "Second"
)
